<record><leader>00000cas a22000007a 4500</leader><controlfield tag="001">12709263</controlfield><controlfield tag="008">851023d19631967iauwr ne      0    0eng d</controlfield><datafield ind1=" " ind2=" " tag="010"><subfield code="a">sn 85049801 </subfield></datafield><datafield ind1=" " ind2=" " tag="040"><subfield code="a">INP</subfield><subfield code="b">eng</subfield><subfield code="c">INP</subfield><subfield code="d">OCLCQ</subfield></datafield><datafield ind1=" " ind2=" " tag="042"><subfield code="a">msc</subfield></datafield><datafield ind1="0" ind2="0" tag="245"><subfield code="a">Urbandale news-sun.</subfield></datafield><datafield ind1=" " ind2=" " tag="260"><subfield code="a">Urbandale, Iowa :</subfield><subfield code="b">Pana Publications,</subfield><subfield code="c">1963-1967.</subfield></datafield><datafield ind1=" " ind2=" " tag="300"><subfield code="a">5 v. :</subfield><subfield code="b">ill.</subfield></datafield><datafield ind1=" " ind2=" " tag="310"><subfield code="a">Weekly</subfield></datafield><datafield ind1="0" ind2=" " tag="362"><subfield code="a">Vol. 10, no. 18 (Dec. 6, 1963)-v. 14, no. 21 (Dec. 29, 1967).</subfield></datafield><datafield ind1=" " ind2=" " tag="500"><subfield code="a">"Combining the Urban News and the Northwest Sun."</subfield></datafield><datafield ind1=" " ind2=" " tag="500"><subfield code="a">"An Independent NEWSpaper."</subfield></datafield><datafield ind1=" " ind2=" " tag="500"><subfield code="a">Publisher varies.</subfield></datafield><datafield ind1=" " ind2=" " tag="500"><subfield code="a">Editor: David W. Gregory, &lt;Dec. 6, 1963&gt;.</subfield></datafield><datafield ind1=" " ind2=" " tag="752"><subfield code="a">United States</subfield><subfield code="b">Iowa</subfield><subfield code="c">Polk</subfield><subfield code="d">Urbandale.</subfield></datafield><datafield ind1="0" ind2="4" tag="780"><subfield code="t">Urbanews (Urbandale, Iowa : 1954)</subfield><subfield code="w">(DLC)sn 85049800</subfield></datafield><datafield ind1="0" ind2="4" tag="780"><subfield code="t">Northwest sun</subfield><subfield code="w">(DLC)sn 85049799</subfield></datafield><datafield ind1="0" ind2="0" tag="785"><subfield code="t">Urbanews (Urbandale, Iowa : 1968)</subfield><subfield code="w">(DLC)sn 87057172</subfield></datafield><datafield ind1="1" ind2=" " tag="029"><subfield code="a">AU@</subfield><subfield code="b">000025785072</subfield></datafield></record>